@article{xu2014psychology,
  title={Psychology data from the race implicit association test on the project implicit demo website},
  author={Xu, Kaiyuan and Nosek, Brian and Greenwald, Anthony},
  journal={Journal of Open Psychology Data},
  volume={2},
  number={1},
  year={2014},
  publisher={Ubiquity Press}
}

@article{leitner2016blacks,
  title={Blacks’ death rate due to circulatory diseases is positively related to whites’ explicit racial bias: A nationwide investigation using project implicit},
  author={Leitner, Jordan B and Hehman, Eric and Ayduk, Ozlem and Mendoza-Denton, Rodolfo},
  journal={Psychological science},
  volume={27},
  number={10},
  pages={1299--1311},
  year={2016},
  publisher={SAGE Publications Sage CA: Los Angeles, CA}
}

@article{hehman2017disproportionate,
  title={Disproportionate use of lethal force in policing is associated with regional racial biases of residents},
  author={Hehman, Eric and Flake, Jessica K and Calanchini, Jimmy},
  journal={Social Psychological and Personality Science},
  pages={1948550617711229},
  year={2017},
  publisher={SAGE Publications Sage CA: Los Angeles, CA}
}

@article{park2004bayesian,
  title={Bayesian multilevel estimation with poststratification: state-level estimates from national polls},
  author={Park, David K and Gelman, Andrew and Bafumi, Joseph},
  journal={Political Analysis},
  volume={12},
  number={4},
  pages={375--385},
  year={2004},
  publisher={Oxford University Press}
}

@article{gelman1997poststratification,
  title={Poststratification into many categories using hierarchical logistic regression},
  author={Gelman, Andrew and Little, Thomas C},
  journal={Survey Methodology},
  volume={23},
  number={2},
  pages={127--35},
  year={1997}
}

@article{scott2016bayes,
  title={Bayes and big data: The consensus Monte Carlo algorithm},
  author={Scott, Steven L and Blocker, Alexander W and Bonassi, Fernando V and Chipman, Hugh A and George, Edward I and McCulloch, Robert E},
  journal={International Journal of Management Science and Engineering Management},
  volume={11},
  number={2},
  pages={78--88},
  year={2016},
  publisher={Taylor \& Francis}
}

@Manual{rcitation,
  title = {R: A Language and Environment for Statistical Computing},
  author = {{R Core Team}},
  organization = {R Foundation for Statistical Computing},
  address = {Vienna, Austria},
  year = {2016},
  url = {https://www.R-project.org/},
}

@Article{bates2015fitting,
  title = {Fitting Linear Mixed-Effects Models Using {lme4}},
  author = {Douglas Bates and Martin M{\"a}chler and Ben Bolker and Steve Walker},
  journal = {Journal of Statistical Software},
  year = {2015},
  volume = {67},
  number = {1},
  pages = {1--48},
  doi = {10.18637/jss.v067.i01},
}

@Misc{rstanarm2016,
  title = {rstanarm: {Bayesian} applied regression modeling via {Stan}.},
  author = {{Stan Development Team}},
  note = {R package version 2.14.1},
  year = {2016},
  url = {http://mc-stan.org/},
}

@Manual{miroshnikov2014parallel,
  title = {parallelMCMCcombine: Methods for combining independent subset Markov chain Monte
Carlo (MCMC) posterior samples to estimate a posterior density
given the full data set},
  author = {Alexey Miroshnikov and Erin Conlon},
  year = {2014},
  note = {R package version 1.0},
  url = {https://CRAN.R-project.org/package=parallelMCMCcombine},
}