@article{nosek2009national,
  title={National differences in gender--science stereotypes predict national sex differences in science and math achievement},
  author={Nosek, Brian A and Smyth, Frederick L and Sriram, Natarajan and Lindner, Nicole M and Devos, Thierry and Ayala, Alfonso and Bar-Anan, Yoav and Bergh, Robin and Cai, Huajian and Gonsalkorale, Karen and others},
  journal={Proceedings of the National Academy of Sciences},
  volume={106},
  number={26},
  pages={10593--10597},
  year={2009},
  publisher={National Acad Sciences}
}

@article{paluck2009prejudice,
  title={Prejudice reduction: What works? A review and assessment of research and practice},
  author={Paluck, Elizabeth Levy and Green, Donald P},
  journal={Annual review of psychology},
  volume={60},
  pages={339--367},
  year={2009},
  publisher={Annual Reviews}
}

@article{staats2016understanding,
  title={Understanding Implicit Bias: What Educators Should Know.},
  author={Staats, Cheryl},
  journal={American Educator},
  volume={39},
  number={4},
  pages={29},
  year={2016},
  publisher={ERIC}
}

@article{ruck2002racial,
  title={Racial and ethnic minority high school students' perceptions of school disciplinary practices: A look at some Canadian findings},
  author={Ruck, Martin D and Wortley, Scot},
  journal={Journal of Youth and Adolescence},
  volume={31},
  number={3},
  pages={185--195},
  year={2002},
  publisher={Springer}
}

@article{gibson2013caregivers,
  title={Caregivers' moral narratives of their African American children's out-of-school suspensions: Implications for effective family--school collaborations},
  author={Gibson, Priscilla A and Haight, Wendy},
  journal={Social work},
  volume={58},
  number={3},
  pages={263--272},
  year={2013},
  publisher={Oxford University Press}
}

@article{mcintosh2014education,
  title={Education not Incarceration: A Conceptual Model for Reducing Racial and Ethnic Disproportionality in School Discipline},
  author={McIntosh, Kent and Girvan, Erik J and Horner, Robert H and Smolkowski, Keith},
  journal={Journal of Applied Research on Children: Informing Policy for Children at Risk},
  volume={5},
  number={2},
  pages={4},
  year={2014}
}

@article{pryor2004dual,
  title={A dual-process model of reactions to perceived stigma.},
  author={Pryor, John B and Reeder, Glenn D and Yeadon, Christopher and Hesson-McInnis, Matthew},
  journal={Journal of personality and social psychology},
  volume={87},
  number={4},
  pages={436},
  year={2004},
  publisher={American Psychological Association}
}

@article{devine2002regulation,
  title={The regulation of explicit and implicit race bias: The role of motivations to respond without prejudice.},
  author={Devine, Patricia G and Plant, E Ashby and Amodio, David M and Harmon-Jones, Eddie and Vance, Stephanie L},
  journal={Journal of personality and social psychology},
  volume={82},
  number={5},
  pages={835},
  year={2002},
  publisher={US: American Psychological Association}
}

@article{markus2010cultures,
  title={Cultures and selves: A cycle of mutual constitution},
  author={Markus, Hazel Rose and Kitayama, Shinobu},
  journal={Perspectives on psychological science},
  volume={5},
  number={4},
  pages={420--430},
  year={2010},
  publisher={Sage Publications Sage CA: Los Angeles, CA}
}

@TechReport{us2014dear,
  title={Dear colleague letter on the nondiscriminatory administration of school discipline},
  author={{US Department of Education & US Department of Justice}},
  year={2014},
  publisher={US Department of Education, Office for Civil Rights and US Department of Justice Washington, DC},
  url = {https://www2.ed.gov/about/offices/list/ocr/letters/colleague-201401-title-vi.pdf}
}

@TechReport{usgao2018discipline,
    title = {Discipline Disparities for Black Students, Boys, and Students with Disabilities},
    year = {2018},
    month ={March},
    author ={{United States Government Accountability Office}},
    url = {https://www.gao.gov/assets/700/690828.pdf}, 
}

@article{pettigrew1958personality,
  title={Personality and sociocultural factors in intergroup attitudes: A cross-national comparison},
  author={Pettigrew, Thomas F},
  journal={Journal of conflict resolution},
  volume={2},
  number={1},
  pages={29--42},
  year={1958},
  publisher={Sage Publications Sage CA: Thousand Oaks, CA}
}

@article{jetten1996intergroup,
  title={Intergroup norms and intergroup discrimination: Distinctive self-categorization and social identity effects.},
  author={Jetten, Jolanda and Spears, Russell and Manstead, Antony SR},
  journal={Journal of personality and social psychology},
  volume={71},
  number={6},
  pages={1222},
  year={1996},
  publisher={American Psychological Association}
}

@article{payne2017bias,
  title={The bias of crowds: How implicit bias bridges personal and systemic prejudice},
  author={Payne, B Keith and Vuletich, Heidi A and Lundberg, Kristjen B},
  journal={Psychological Inquiry},
  volume={28},
  number={4},
  pages={233--248},
  year={2017},
  publisher={Taylor \& Francis}
}

@article{hirschfield2009another,
  title={Another way out: The impact of juvenile arrests on high school dropout},
  author={Hirschfield, Paul},
  journal={Sociology of Education},
  volume={82},
  number={4},
  pages={368--393},
  year={2009},
  publisher={SAGE Publications Sage CA: Los Angeles, CA}
}

@article{hemphill2006effect,
  title={The effect of school suspensions and arrests on subsequent adolescent antisocial behavior in Australia and the United States},
  author={Hemphill, Sheryl A and Toumbourou, John W and Herrenkohl, Todd I and McMorris, Barbara J and Catalano, Richard F},
  journal={Journal of Adolescent Health},
  volume={39},
  number={5},
  pages={736--744},
  year={2006},
  publisher={Elsevier}
}

@article{massey1988dimensions,
  title={The dimensions of residential segregation},
  author={Massey, Douglas S and Denton, Nancy A},
  journal={Social forces},
  volume={67},
  number={2},
  pages={281--315},
  year={1988},
  publisher={Oxford University Press}
}

@article{skiba2002color,
  title={The color of discipline: Sources of racial and gender disproportionality in school punishment},
  author={Skiba, Russell J and Michael, Robert S and Nardo, Abra Carroll and Peterson, Reece L},
  journal={The urban review},
  volume={34},
  number={4},
  pages={317--342},
  year={2002},
  publisher={Springer}
}

@article{williams1999race,
  title={Race, socioeconomic status, and health the added effects of racism and discrimination},
  author={Williams, David R},
  journal={Annals of the New York Academy of Sciences},
  volume={896},
  number={1},
  pages={173--188},
  year={1999},
  publisher={Wiley Online Library}
}

@article{togut2011gestalt,
  title={The Gestalt of the School-to-Prison Pipeline: The Duality of Overrepresentation of Minorities in Special Education and Racial Disparity in School Discipline eon Minorities},
  author={Togut, Torin D},
  journal={American University Journal of Gender, Social Policy & the Law},
  volume={20},
  pages={163},
  year={2011},
  publisher={HeinOnline}
}

@Misc{crdc2013survey,
  author = {{CRDC Survey}},
  title = {2013-2014 Civil Rights Data Collection Survey},
  howpublished = {Online},
  url= "\url{http://www2.ed.gov/about/offices/list/ocr/docs/crdc-2013-14-p1-p4.doc}",
  year={2014},
  Institution={{United States Department of Education, Office for Civil Rights}},
  }

@article{major2005social,
  title={The social psychology of stigma},
  author={Major, Brenda and O'brien, Laurie T},
  journal={Annu. Rev. Psychol.},
  volume={56},
  pages={393--421},
  year={2005},
  publisher={Annual Reviews}
}

@article{darley1980expectancy,
  title={Expectancy confirmation processes arising in the social interaction sequence.},
  author={Darley, John M and Fazio, Russell H},
  journal={American psychologist},
  volume={35},
  number={10},
  pages={867},
  year={1980},
  publisher={American Psychological Association}
}

@article{verdugo2002race,
  title={Race-ethnicity, social class, and zero-tolerance policies: The cultural and structural wars},
  author={Verdugo, Richard R},
  journal={Education and urban society},
  volume={35},
  number={1},
  pages={50--75},
  year={2002},
  publisher={Sage Publications Sage CA: Thousand Oaks, CA}
}

@article{hehman2017disproportionate,
  title={Disproportionate use of lethal force in policing is associated with regional racial biases of residents},
  author={Hehman, Eric and Flake, Jessica K and Calanchini, Jimmy},
  journal={Social Psychological and Personality Science},
  pages={1948550617711229},
  year={2017},
  publisher={SAGE Publications Sage CA: Los Angeles, CA}
}

@article{orchard2017county,
  title={County-level racial prejudice and the black-white gap in infant health outcomes},
  author={Orchard, Jacob and Price, Joseph},
  journal={Social Science \& Medicine},
  volume={181},
  pages={191--198},
  year={2017},
  publisher={Elsevier}
}

@article{rudman2004sources,
  title={Sources of implicit attitudes},
  author={Rudman, Laurie A},
  journal={Current Directions in Psychological Science},
  volume={13},
  number={2},
  pages={79--82},
  year={2004},
  publisher={SAGE Publications Sage CA: Los Angeles, CA}
}

@article{leitner2016blacks,
  title={Blacks’ death rate due to circulatory diseases is positively related to whites’ explicit racial bias: A nationwide investigation using project implicit},
  author={Leitner, Jordan B and Hehman, Eric and Ayduk, Ozlem and Mendoza-Denton, Rodolfo},
  journal={Psychological science},
  volume={27},
  number={10},
  pages={1299--1311},
  year={2016},
  publisher={SAGE Publications Sage CA: Los Angeles, CA}
}

@article{nosek2007implicit,
  title={Implicit--explicit relations},
  author={Nosek, Brian A},
  journal={Current Directions in Psychological Science},
  volume={16},
  number={2},
  pages={65--69},
  year={2007},
  publisher={SAGE Publications Sage CA: Los Angeles, CA}
}

@article{roscigno1999race,
  title={Race, cultural capital, and educational resources: Persistent inequalities and achievement returns},
  author={Roscigno, Vincent J and Ainsworth-Darnell, James W},
  journal={Sociology of education},
  pages={158--178},
  year={1999},
  publisher={JSTOR}
}

@article{ferri2005shadow,
  title={In the shadow of Brown: Special education and overrepresentation of students of color},
  author={Ferri, Beth A and Connor, David J},
  journal={Remedial and Special education},
  volume={26},
  number={2},
  pages={93--100},
  year={2005},
  publisher={Sage Publications Sage CA: Los Angeles, CA}
}

@inproceedings{rausch2005academic,
  title={The academic cost of discipline: The relationship between suspension/expulsion and school achievement},
  author={Rausch, M Karega and Skiba, Russell J and Simmons, AB},
  booktitle={Annual Meeting of the American Educational Research Association, Montreal, Canada},
  year={2005}
}

@article{skiba2011race,
  title={Race is not neutral: A national investigation of African American and Latino disproportionality in school discipline},
  author={Skiba, Russell J and Horner, Robert H and Chung, Choong-Geun and Rausch, M Karega and May, Seth L and Tobin, Tary},
  journal={School Psychology Review},
  volume={40},
  number={1},
  pages={85},
  year={2011},
  publisher={National Association of School Psychologists}
}

@article{haight2014ecological,
  title={An ecological-systems inquiry into racial disproportionalities in out-of-school suspensions from youth, caregiver and educator perspectives},
  author={Haight, Wendy and Gibson, Priscilla A and Kayama, Misa and Marshall, Jane M and Wilson, Robert},
  journal={Children and Youth Services Review},
  volume={46},
  pages={128--138},
  year={2014},
  publisher={Elsevier}
}

@article{cadinu2003stereotype,
  title={Stereotype threat: The effect of expectancy on performance},
  author={Cadinu, Mara and Maass, Anne and Frigerio, Sara and Impagliazzo, Lisa and Latinotti, Samira},
  journal={European Journal of Social Psychology},
  volume={33},
  number={2},
  pages={267--285},
  year={2003},
  publisher={Wiley Online Library}
}

@article{okonofua2015two,
  title={Two strikes: Race and the disciplining of young students},
  author={Okonofua, Jason A and Eberhardt, Jennifer L},
  journal={Psychological science},
  volume={26},
  number={5},
  pages={617--624},
  year={2015},
  publisher={Sage Publications Sage CA: Los Angeles, CA}
}

@article{sullivan2013beyond,
  title={Beyond behavior: Multilevel analysis of the influence of sociodemographics and school characteristics on students' risk of suspension},
  author={Sullivan, Amanda L and Klingbeil, David A and Van Norman, Ethan R},
  journal={School Psychology Review},
  volume={42},
  number={1},
  pages={99},
  year={2013},
  publisher={National Association of School Psychologists}
}

@article{jacoby2016lesson,
  title={A lesson in bias: The relationship between implicit racial bias and performance in pedagogical contexts},
  author={Jacoby-Senghor, Drew S and Sinclair, Stacey and Shelton, J Nicole},
  journal={Journal of Experimental Social Psychology},
  volume={63},
  pages={50--55},
  year={2016},
  publisher={Elsevier}
}

@incollection{steele2002contending,
  title={Contending with group image: The psychology of stereotype and social identity threat},
  author={Steele, Claude M and Spencer, Steven J and Aronson, Joshua},
  booktitle={Advances in experimental social psychology},
  volume={34},
  pages={379--440},
  year={2002},
  publisher={Elsevier}
}

@article{farkas2003racial,
  title={Racial disparities and discrimination in education: What do we know, how do we know it, and what do we need to know?},
  author={Farkas, George},
  journal={Teachers College Record},
  volume={105},
  number={6},
  pages={1119--1146},
  year={2003}
}

@article{matjasko2011effective,
  title={How effective are severe disciplinary policies? School policies and offending from adolescence into young adulthood},
  author={Matjasko, Jennifer L},
  journal={Journal of school psychology},
  volume={49},
  number={5},
  pages={555--572},
  year={2011},
  publisher={Elsevier}
}

@article{cuellar2015school,
  title={School suspension and the school-to-prison pipeline},
  author={Cuellar, Alison Evans and Markowitz, Sara},
  journal={International Review of Law and Economics},
  volume={43},
  pages={98--106},
  year={2015},
  publisher={Elsevier}
}

@article{anyon2014persistent,
  title={The persistent effect of race and the promise of alternatives to suspension in school discipline outcomes},
  author={Anyon, Yolanda and Jenson, Jeffrey M and Altschul, Inna and Farrar, Jordan and McQueen, Jeanette and Greer, Eldridge and Downing, Barbara and Simmons, John},
  journal={Children and Youth Services Review},
  volume={44},
  pages={379--386},
  year={2014},
  publisher={Elsevier}
}

@article{gregory2008discipline,
  title={The discipline gap and African Americans: Defiance or cooperation in the high school classroom},
  author={Gregory, Anne and Weinstein, Rhona S},
  journal={Journal of School Psychology},
  volume={46},
  number={4},
  pages={455--475},
  year={2008},
  publisher={Elsevier}
}

@book{gaertner1986aversive,
  title={The aversive form of racism.},
  author={Gaertner, Samuel L and Dovidio, John F},
  year={1986},
  publisher={San Diego, CA, US: Academic Press}
}

@article{galdi2008automatic,
  title={Automatic mental associations predict future choices of undecided decision-makers},
  author={Galdi, Silvia and Arcuri, Luciano and Gawronski, Bertram},
  journal={science},
  volume={321},
  number={5892},
  pages={1100--1102},
  year={2008},
  publisher={American Association for the Advancement of Science}
}

@article{gawronski2003implicit,
  title={Implicit bias in impression formation: Associations influence the construal of individuating information},
  author={Gawronski, Bertram and Geschke, Daniel and Banse, Rainer},
  journal={European Journal of Social Psychology},
  volume={33},
  number={5},
  pages={573--589},
  year={2003},
  publisher={Wiley Online Library}
}

@article{friese2009and,
  title={When and why do implicit measures predict behaviour? Empirical evidence for the moderating role of opportunity, motivation, and process reliance},
  author={Friese, Malte and Hofmann, Wilhelm and Schmitt, Manfred},
  journal={European Review of Social Psychology},
  volume={19},
  number={1},
  pages={285--338},
  year={2009},
  publisher={Taylor \& Francis}
}

@article{nosek2011implicit,
  title={Implicit social cognition: From measures to mechanisms},
  author={Nosek, Brian A and Hawkins, Carlee Beth and Frazier, Rebecca S},
  journal={Trends in cognitive sciences},
  volume={15},
  number={4},
  pages={152--159},
  year={2011},
  publisher={Elsevier}
}

@article{friese2008impulses,
  title={When impulses take over: Moderated predictive validity of explicit and implicit attitude measures in predicting food choice and consumption behaviour},
  author={Friese, Malte and Hofmann, Wilhelm and W{\"a}nke, Michaela},
  journal={British Journal of Social Psychology},
  volume={47},
  number={3},
  pages={397--419},
  year={2008},
  publisher={Wiley Online Library}
}

@article{hofmann2005meta,
  title={A meta-analysis on the correlation between the Implicit Association Test and explicit self-report measures},
  author={Hofmann, Wilhelm and Gawronski, Bertram and Gschwendner, Tobias and Le, Huy and Schmitt, Manfred},
  journal={Personality and Social Psychology Bulletin},
  volume={31},
  number={10},
  pages={1369--1385},
  year={2005},
  publisher={Sage Publications Sage CA: Thousand Oaks, CA}
}

@article{mcconnell2001relations,
  title={Relations among the Implicit Association Test, discriminatory behavior, and explicit measures of racial attitudes},
  author={McConnell, Allen R and Leibold, Jill M},
  journal={Journal of experimental Social psychology},
  volume={37},
  number={5},
  pages={435--442},
  year={2001},
  publisher={Elsevier}
}

@article{gregory1995crime,
  title={The crime of punishment: Racial and gender disparities in the use of corporal punishment in US public schools},
  author={Gregory, James F},
  journal={Journal of Negro Education},
  pages={454--462},
  year={1995},
  publisher={JSTOR}
}

@article{yeager2017loss,
  title={Loss of Institutional Trust Among Racial and Ethnic Minority Adolescents: A Consequence of Procedural Injustice and a Cause of Life-Span Outcomes},
  author={Yeager, David S and Purdie-Vaughns, Valerie and Hooper, Sophia Yang and Cohen, Geoffrey L},
  journal={Child development},
  volume={88},
  number={2},
  pages={658--676},
  year={2017},
  publisher={Wiley Online Library}
}

@article{aud2011america,
  title={America's Youth: Transitions to Adulthood. NCES 2012-026.},
  author={Aud, Susan and KewalRamani, Angelina and Frohlich, Lauren},
  journal={National Center for Education Statistics},
  year={2011},
  publisher={ERIC}
}

@article{hirschfield2009another,
  title={Another way out: The impact of juvenile arrests on high school dropout},
  author={Hirschfield, Paul},
  journal={Sociology of Education},
  volume={82},
  number={4},
  pages={368--393},
  year={2009},
  publisher={SAGE Publications Sage CA: Los Angeles, CA}
}

@article{pascoe2009perceived,
  title={Perceived discrimination and health: a meta-analytic review.},
  author={Pascoe, Elizabeth A and Smart Richman, Laura},
  journal={Psychological bulletin},
  volume={135},
  number={4},
  pages={531},
  year={2009},
  publisher={American Psychological Association}
}

@article{pager2009sequencing,
  title={Sequencing disadvantage: Barriers to employment facing young black and white men with criminal records},
  author={Pager, Devah and Western, Bruce and Sugie, Naomi},
  journal={The ANNALS of the American Academy of Political and Social Science},
  volume={623},
  number={1},
  pages={195--213},
  year={2009},
  publisher={Sage Publications Sage CA: Los Angeles, CA}
}

@article{kinsler2011understanding,
  title={Understanding the black--white school discipline gap},
  author={Kinsler, Josh},
  journal={Economics of Education Review},
  volume={30},
  number={6},
  pages={1370--1383},
  year={2011},
  publisher={Elsevier}
}

@article{okonofua2016vicious,
  title={A vicious cycle: A social--psychological account of extreme racial disparities in school discipline},
  author={Okonofua, Jason A and Walton, Gregory M and Eberhardt, Jennifer L},
  journal={Perspectives on psychological science},
  volume={11},
  number={3},
  pages={381--398},
  year={2016},
  publisher={Sage Publications Sage CA: Los Angeles, CA}
}

@article{losen2015we,
  title={Are we closing the school discipline gap?},
  author={Losen, Daniel J and Hodson, Cheri L and Keith, II and Michael, A and Morrison, Katrina and Belway, Shakti},
  year={2015}
}

@article{xu2014psychology,
  title={Psychology data from the race implicit association test on the project implicit demo website},
  author={Xu, Kaiyuan and Nosek, Brian and Greenwald, Anthony},
  journal={Journal of Open Psychology Data},
  volume={2},
  number={1},
  year={2014},
  publisher={Ubiquity Press}
}

@article{leitner2016blacks,
  title={Blacks’ death rate due to circulatory diseases is positively related to whites’ explicit racial bias: A nationwide investigation using project implicit},
  author={Leitner, Jordan B and Hehman, Eric and Ayduk, Ozlem and Mendoza-Denton, Rodolfo},
  journal={Psychological science},
  volume={27},
  number={10},
  pages={1299--1311},
  year={2016},
  publisher={SAGE Publications Sage CA: Los Angeles, CA}
}

@article{hehman2017disproportionate,
  title={Disproportionate use of lethal force in policing is associated with regional racial biases of residents},
  author={Hehman, Eric and Flake, Jessica K and Calanchini, Jimmy},
  journal={Social Psychological and Personality Science},
  pages={1948550617711229},
  year={2017},
  publisher={SAGE Publications Sage CA: Los Angeles, CA}
}

@article{park2004bayesian,
  title={Bayesian multilevel estimation with poststratification: state-level estimates from national polls},
  author={Park, David K and Gelman, Andrew and Bafumi, Joseph},
  journal={Political Analysis},
  volume={12},
  number={4},
  pages={375--385},
  year={2004},
  publisher={Oxford University Press}
}

@article{gelman1997poststratification,
  title={Poststratification into many categories using hierarchical logistic regression},
  author={Gelman, Andrew and Little, Thomas C},
  journal={Survey Methodology},
  volume={23},
  number={2},
  pages={127--35},
  year={1997}
}

@article{scott2016bayes,
  title={Bayes and big data: The consensus Monte Carlo algorithm},
  author={Scott, Steven L and Blocker, Alexander W and Bonassi, Fernando V and Chipman, Hugh A and George, Edward I and McCulloch, Robert E},
  journal={International Journal of Management Science and Engineering Management},
  volume={11},
  number={2},
  pages={78--88},
  year={2016},
  publisher={Taylor \& Francis}
}

@Manual{rcitation,
  title = {R: A Language and Environment for Statistical Computing},
  author = {{R Core Team}},
  organization = {R Foundation for Statistical Computing},
  address = {Vienna, Austria},
  year = {2016},
  url = {https://www.R-project.org/},
}

@Article{bates2015fitting,
  title = {Fitting Linear Mixed-Effects Models Using {lme4}},
  author = {Douglas Bates and Martin M{\"a}chler and Ben Bolker and Steve Walker},
  journal = {Journal of Statistical Software},
  year = {2015},
  volume = {67},
  number = {1},
  pages = {1--48},
  doi = {10.18637/jss.v067.i01},
}

@Misc{rstanarm2016,
  title = {rstanarm: {Bayesian} applied regression modeling via {Stan}.},
  author = {{Stan Development Team}},
  note = {R package version 2.14.1},
  year = {2016},
  url = {http://mc-stan.org/},
}

@Manual{miroshnikov2014parallel,
  title = {parallelMCMCcombine: Methods for combining independent subset Markov chain Monte
Carlo (MCMC) posterior samples to estimate a posterior density
given the full data set},
  author = {Alexey Miroshnikov and Erin Conlon},
  year = {2014},
  note = {R package version 1.0},
  url = {https://CRAN.R-project.org/package=parallelMCMCcombine},
}

@Book{wickham2009ggplot2,
  author = {Hadley Wickham},
  title = {ggplot2: Elegant Graphics for Data Analysis},
  publisher = {Springer-Verlag New York},
  year = {2009},
  isbn = {978-0-387-98140-6},
  url = {http://ggplot2.org},
}

@Manual{wickham2017dplyr,
  title = {dplyr: A Grammar of Data Manipulation},
  author = {Hadley Wickham and Romain Francois and Lionel Henry and Kirill Müller},
  year = {2017},
  note = {R package version 0.7.2},
  url = {https://CRAN.R-project.org/package=dplyr},
}

@Manual{wickham2017tidyr,
  title = {tidyr: Easily Tidy Data with 'spread()' and 'gather()' Functions},
  author = {Hadley Wickham and Lionel Henry},
  year = {2017},
  note = {R package version 0.7.1},
  url = {https://CRAN.R-project.org/package=tidyr},
}

@article{gonsalkorale2009aging,
  title={Aging and prejudice: Diminished regulation of automatic race bias among older adults},
  author={Gonsalkorale, Karen and Sherman, Jeffrey W and Klauer, Karl Christoph},
  journal={Journal of Experimental Social Psychology},
  volume={45},
  number={2},
  pages={410--414},
  year={2009},
  publisher={Elsevier}
}